@book{qccs,
  title     = {Quantum Computing for Computer Scientists},
  author    = {Noson S. Yanofsky, Mirco A. Mannucci},
  isbn      = {9780521879965},
  year      = {2008},
  publisher = {Cambridge University Press},
  keywords  = {quantum, computing}
}

@online{zuw,
  author   = {Raffaele Mauro},
  title    = {Quantum computing: cos’è, a cosa serve e perché è importante},
  url      = {https://www.zerounoweb.it/techtarget/searchdatacenter/quantum-computing-cose-a-cosa-serve-e-perche-e-importante/},
  keywords = {quantum, computing}
}

@online{qsk,
  author   = {Qiskit},
  title    = {Qiskit},
  url      = {https://qiskit.org/textbook/preface.html},
  keywords = {quantum, computing, qiskit, qubit}
}

@online{qasm,
  author   = {Qiskit},
  title    = {OpenQASM},
  url      = {https://qiskit.github.io/openqasm/index.html},
  keywords = {qasm, language, quantum}
}

@online{antlr,
  author   = {Terence Parr},
  title    = {ANTLR},
  url      = {https://www.antlr.org/},
  keywords = {parser, generator, grammar},
  year     = {2014}
}

@online{lusvelt,
  author   = {Damiano Scevola},
  title    = {QASM Analyzer},
  url      = {https://github.com/lusvelt/qasm-analyzer},
  keywords = {qasm, analyzer}
}

@article{SurveySymExec-CSUR18,
  author    = {Baldoni, Roberto and Coppa, Emilio and D'Elia, Daniele Cono and Demetrescu, Camil and Finocchi, Irene},
  title     = {A Survey of Symbolic Execution Techniques},
  journal   = {ACM Comput. Surv.},
  volume    = {51},
  number    = {3},
  articleno = {50},
  publisher = {ACM},
  address   = {New York, NY, USA},
  year      = {2018}
}

@article{denning2019quantum,
  title     = {Is quantum computing a cybersecurity threat?},
  author    = {Denning, Dorothy E},
  journal   = {American Scientist},
  volume    = {107},
  number    = {2},
  pages     = {83--85},
  year      = {2019},
  publisher = {Sigma XI-The Scientific Research Society}
}

@book{gribbin2014computing,
  author    = {Gribbin, John},
  title     = {Computing with quantum cats : from Colossus to Qubits},
  publisher = {Prometheus Books},
  year      = {2014},
  address   = {Amherst, New York},
  isbn      = {978-1616149215}
}

@book{perry2012quantum,
  author    = {Perry, Riley},
  title     = {Quantum computing from the ground up},
  publisher = {World Scientific},
  year      = {2012},
  address   = {Singapore},
  isbn      = {978-9814412117}
}

@book{nielsen2010quantum,
  author    = {Nielsen, Michael},
  title     = {Quantum computation and quantum information},
  publisher = {Cambridge University Press},
  year      = {2010},
  address   = {Cambridge New York},
  isbn      = {978-1107002173}
}



% https://www.zerounoweb.it/techtarget/searchdatacenter/quantum-computing-cose-a-cosa-serve-e-perche-e-importante/
% https://qiskit.github.io/openqasm/index.html
% Quantum Computing for Computer Scientists
% https://qiskit.org/textbook/preface.html
% https://www.antlr.org/
% https://github.com/lusvelt/qasm-analyzer